@inproceedings{sgueglia2018exploration,
  title={Exploration and sizing of a large passenger aircraft with distributed ducted electric fans},
  author={Sgueglia, Alessandro and Schmollgruber, Peter and Bartoli, Nathalie and Atinault, Olivier and Benard, Emmanuel and Morlier, Joseph},
  booktitle={2018 AIAA Aerospace Sciences Meeting},
  pages={1745},
  year={2018}
}

@book{minoux2008programmation,
  title={Programmation math{\'e}matique. Th{\'e}orie et algorithmes},
  author={Minoux, Michel},
  year={2008},
  publisher={Lavoisier}
}

@misc{ravikumar17,
  author        = {Pradeep Ravikumar and Aarti Singh},
  title         = {Convex optimization},
  month         = {fall},
  year          = {2017},
  location = {School of Computer Science Carnegie Mellon University},
  note = {\url{http://www.cs.cmu.edu/~pradeepr/convexopt/}}
}

@inproceedings{schmidt2007fast,
  title={Fast optimization methods for l1 regularization: A comparative study and two new approaches},
  author={Schmidt, Mark and Fung, Glenn and Rosales, Rmer},
  booktitle={European Conference on Machine Learning},
  pages={286--297},
  year={2007},
  organization={Springer}
}

@article{sun2019optimization,
  title={Optimization for deep learning: theory and algorithms},
  author={Sun, Ruoyu},
  journal={arXiv preprint arXiv:1912.08957},
  year={2019}
}

@article{bishop2006pattern,
  title={Pattern recognition and machine learning},
  author={Bishop, Christopher M},
  publisher={Springer},
  year={2006}
}

@article{fukushima2010evolution,
  title={Evolution of magma conduits during the 1998--2000 eruptions of Piton de la Fournaise volcano, R{\'e}union Island},
  author={Fukushima, Yo and Cayol, Valerie and Durand, P and Massonnet, D},
  journal={Journal of Geophysical Research: Solid Earth},
  volume={115},
  number={B10},
  year={2010},
  publisher={Wiley Online Library}
}
